@article{atlas-csc-readout,
  author={R. Bartoldus and R. Claus and N. Garelli and R.T. Herbst and M. Huffer and G. Iakovidis and K. Iordanidou and K. Kwan and M. Kocian and A.J. Lankford and P. Moschovakos and A. Nelson and K. Ntekas and L. Ruckman and J. Russell and M. Schernau and S. Schlenker and D. Su and C. Valderanis and M. Wittgen and S.C. Yildiz},
  title={A new ATLAS muon CSC readout system with system on chip technology on ATCA platform},
  journal={Journal of Instrumentation},
  volume={11},
  number={01},
  pages={C01059},
  url={http://stacks.iop.org/1748-0221/11/i=01/a=C01059},
  year={2016}
}

@Booklet{CERN-LHCC-2013-006,
    author         = "{ATLAS Collaboration}",
    title          = "{New Small Wheel Technical Design Report}",
    howpublished   = "{CERN-LHCC-2013-006}",
    url            = "http://cdsweb.cern.ch/record/1552862",
    year           = "2013",
}

@Booklet{ATL-COM-MUON-2013-003,
    author         = "{G. Aielli and M. Bindi and G. Conti and J. Dubbert and M. Franklin and J. Huth and L. Jeanty and T. Kawamoto and T. Koi and K. Mercurio and S. Oda and A. Polini and L. Pontecorvo and M. Schernau and S. Siyuan and K. Yoshihara and C. Young}",
    title          = "{Cavern background measurements and comparison with simulation}",
    howpublished   = "{ATL-COM-MUON-2013-003}",
    url            = "https://cds.cern.ch/record/1513176",
    year           = "2013",
}

@Booklet{ATL-COM-MUON-2013-011,
    author         = "{S. Sun and L. Jeanty and G. Conti and M. Franklin}",
    title          = "{Predicting Hit Rates in the ATLAS Monitor Drift Tube at $10^{34}\text{cm}^{-2}\text{s}^{-1}$ at $\sqrt{s} = $ 7 and 8 TeV}",
    howpublished   = "{ATL-COM-MUON-2013-011}",
    url            = "https://cds.cern.ch/record/1548125",
    year           = "2013",
}

@Booklet{ATL-COM-MUON-2014-027,
    author         = "{Y. Chan and T. Koi and C. Young}",
    title          = "{Expected Muon Spectrometer Background in Run 2}",
    howpublished   = "{ATL-COM-MUON-2014-027}",
    url            = "https://cds.cern.ch/record/1702469",
    year           = "2014",
}

